%%
%% WinShell 3.3.0.3
%% http://www.winshell.org/
%%

% Strings


% Preamble


% BibTeX Entries

%
@techreport{
cpe_spec,
    author               = { A. Buttner, T. Wittbold and N. Ziring},
 title                = {Common Platform Enumeration (CPE)-Name Format and Description},
    institution = "MITRE Corporation",
    year      = "2007"
}
@techreport{
25_years,
    author               = {Y. Younan},
 title                = {25 Years of Vulnerabilities: 1988-2012},
    institution = "Sourcefire",
    year      = "2013"
}

@techreport{secure_web,
    author               = {I. Bar-Gad and A. Klein},
 title                = {Developing Secure Web Applications},
    institution = "Sanctum Inc.",
    year      = "2002",
    month    = "June"
}

@techreport{cassandra,
    author               = {P. C. Meunier and E. H. Spafford},
 title                = {Running The Free Vulnerability Notification System Cassandra},
    institution = "Purdue University",
    year      = "2002"
}

@techreport{vdf,
    author               = {J. T. Chambers and J. W. Thompson},
 title                = {Vulnerability Disclosure Framework: Final Report and Recommendations by the Council},
    institution = "National Infrastructure Advisory Council",
    year      = "2004"
}




